[gd_scene load_steps=277 format=2]

[ext_resource path="res://Projectile.gd" type="Script" id=1]
[ext_resource path="res://Projectile/Blue/fire-03_orig00.png" type="Texture" id=2]
[ext_resource path="res://Projectile/Blue/fire-03_orig01.png" type="Texture" id=3]
[ext_resource path="res://Projectile/Blue/fire-03_orig02.png" type="Texture" id=4]
[ext_resource path="res://Projectile/Blue/fire-03_orig03.png" type="Texture" id=5]
[ext_resource path="res://Projectile/Blue/fire-03_orig04.png" type="Texture" id=6]
[ext_resource path="res://Projectile/Blue/fire-03_orig05.png" type="Texture" id=7]
[ext_resource path="res://Projectile/Blue/fire-03_orig06.png" type="Texture" id=8]
[ext_resource path="res://Projectile/Blue/fire-03_orig07.png" type="Texture" id=9]
[ext_resource path="res://Projectile/Blue/fire-03_orig08.png" type="Texture" id=10]
[ext_resource path="res://Projectile/Blue/fire-03_orig09.png" type="Texture" id=11]
[ext_resource path="res://Projectile/Blue/fire-03_orig10.png" type="Texture" id=12]
[ext_resource path="res://Projectile/Blue/fire-03_orig11.png" type="Texture" id=13]
[ext_resource path="res://Projectile/Blue/fire-03_orig12.png" type="Texture" id=14]
[ext_resource path="res://Projectile/Blue/fire-03_orig13.png" type="Texture" id=15]
[ext_resource path="res://Projectile/Blue/fire-03_orig14.png" type="Texture" id=16]
[ext_resource path="res://Projectile/Blue/fire-03_orig15.png" type="Texture" id=17]
[ext_resource path="res://Projectile/Blue/fire-03_orig16.png" type="Texture" id=18]
[ext_resource path="res://Projectile/Blue/fire-03_orig17.png" type="Texture" id=19]
[ext_resource path="res://Projectile/Blue/fire-03_orig18.png" type="Texture" id=20]
[ext_resource path="res://Projectile/Blue/fire-03_orig19.png" type="Texture" id=21]
[ext_resource path="res://Projectile/Blue/fire-03_orig20.png" type="Texture" id=22]
[ext_resource path="res://Projectile/Blue/fire-03_orig21.png" type="Texture" id=23]
[ext_resource path="res://Projectile/Blue/fire-03_orig22.png" type="Texture" id=24]
[ext_resource path="res://Projectile/Blue/fire-03_orig23.png" type="Texture" id=25]
[ext_resource path="res://Projectile/Blue/fire-03_orig24.png" type="Texture" id=26]
[ext_resource path="res://Projectile/Blue/fire-03_orig25.png" type="Texture" id=27]
[ext_resource path="res://Projectile/Blue/fire-03_orig26.png" type="Texture" id=28]
[ext_resource path="res://Projectile/Blue/fire-03_orig27.png" type="Texture" id=29]
[ext_resource path="res://Projectile/Blue/fire-03_orig28.png" type="Texture" id=30]
[ext_resource path="res://Projectile/Blue/fire-03_orig29.png" type="Texture" id=31]
[ext_resource path="res://Projectile/Blue/fire-03_orig30.png" type="Texture" id=32]
[ext_resource path="res://Projectile/Blue/fire-03_orig31.png" type="Texture" id=33]
[ext_resource path="res://Projectile/Blue/fire-03_orig32.png" type="Texture" id=34]
[ext_resource path="res://Projectile/Blue/fire-03_orig33.png" type="Texture" id=35]
[ext_resource path="res://Projectile/Blue/fire-03_orig34.png" type="Texture" id=36]
[ext_resource path="res://Projectile/Blue/fire-03_orig35.png" type="Texture" id=37]
[ext_resource path="res://Projectile/Blue/fire-03_orig36.png" type="Texture" id=38]
[ext_resource path="res://Projectile/Blue/fire-03_orig37.png" type="Texture" id=39]
[ext_resource path="res://Projectile/Blue/fire-03_orig38.png" type="Texture" id=40]
[ext_resource path="res://Projectile/Blue/fire-03_orig39.png" type="Texture" id=41]
[ext_resource path="res://Projectile/Blue/fire-03_orig40.png" type="Texture" id=42]
[ext_resource path="res://Projectile/Blue/fire-03_orig41.png" type="Texture" id=43]
[ext_resource path="res://Projectile/Blue/fire-03_orig42.png" type="Texture" id=44]
[ext_resource path="res://Projectile/Blue/fire-03_orig43.png" type="Texture" id=45]
[ext_resource path="res://Projectile/Blue/fire-03_orig44.png" type="Texture" id=46]
[ext_resource path="res://Projectile/Blue/fire-03_orig45.png" type="Texture" id=47]
[ext_resource path="res://Projectile/Blue/fire-03_orig46.png" type="Texture" id=48]
[ext_resource path="res://Projectile/Blue/fire-03_orig47.png" type="Texture" id=49]
[ext_resource path="res://Projectile/Blue/fire-03_orig48.png" type="Texture" id=50]
[ext_resource path="res://Projectile/Blue/fire-03_orig49.png" type="Texture" id=51]
[ext_resource path="res://Projectile/Blue/fire-03_orig50.png" type="Texture" id=52]
[ext_resource path="res://Projectile/Blue/fire-03_orig51.png" type="Texture" id=53]
[ext_resource path="res://Projectile/Blue/fire-03_orig52.png" type="Texture" id=54]
[ext_resource path="res://Projectile/Blue/fire-03_orig53.png" type="Texture" id=55]
[ext_resource path="res://Projectile/Blue/fire-03_orig54.png" type="Texture" id=56]
[ext_resource path="res://Projectile/Blue/fire-03_orig55.png" type="Texture" id=57]
[ext_resource path="res://Projectile/Blue/fire-03_orig56.png" type="Texture" id=58]
[ext_resource path="res://Projectile/Blue/fire-03_orig57.png" type="Texture" id=59]
[ext_resource path="res://Projectile/Blue/fire-03_orig58.png" type="Texture" id=60]
[ext_resource path="res://Projectile/Blue/fire-03_orig59.png" type="Texture" id=61]
[ext_resource path="res://Projectile/Blue/fire-03_orig60.png" type="Texture" id=62]
[ext_resource path="res://Projectile/Blue/fire-03_orig61.png" type="Texture" id=63]
[ext_resource path="res://Projectile/Blue/fire-03_orig62.png" type="Texture" id=64]
[ext_resource path="res://Projectile/Blue/fire-03_orig63.png" type="Texture" id=65]
[ext_resource path="res://Projectile/Blue/fire-03_orig64.png" type="Texture" id=66]
[ext_resource path="res://Projectile/Blue/fire-03_orig65.png" type="Texture" id=67]
[ext_resource path="res://Projectile/Blue/fire-03_orig66.png" type="Texture" id=68]
[ext_resource path="res://Projectile/Blue/fire-03_orig67.png" type="Texture" id=69]
[ext_resource path="res://Projectile/Blue/fire-03_orig68.png" type="Texture" id=70]
[ext_resource path="res://Projectile/Blue/fire-03_orig69.png" type="Texture" id=71]
[ext_resource path="res://Projectile/Blue/fire-03_orig70.png" type="Texture" id=72]
[ext_resource path="res://Projectile/Blue/fire-03_orig71.png" type="Texture" id=73]
[ext_resource path="res://Projectile/Blue/fire-03_orig72.png" type="Texture" id=74]
[ext_resource path="res://Projectile/Blue/fire-03_orig73.png" type="Texture" id=75]
[ext_resource path="res://Projectile/Blue/fire-03_orig74.png" type="Texture" id=76]
[ext_resource path="res://Projectile/Blue/fire-03_orig75.png" type="Texture" id=77]
[ext_resource path="res://Projectile/Blue/fire-03_orig76.png" type="Texture" id=78]
[ext_resource path="res://Projectile/Blue/fire-03_orig77.png" type="Texture" id=79]
[ext_resource path="res://Projectile/Blue/fire-03_orig78.png" type="Texture" id=80]
[ext_resource path="res://Projectile/Blue/fire-03_orig79.png" type="Texture" id=81]
[ext_resource path="res://Projectile/Blue/fire-03_orig80.png" type="Texture" id=82]
[ext_resource path="res://Projectile/Blue/fire-03_orig81.png" type="Texture" id=83]
[ext_resource path="res://Projectile/Blue/fire-03_orig82.png" type="Texture" id=84]
[ext_resource path="res://Projectile/Blue/fire-03_orig83.png" type="Texture" id=85]
[ext_resource path="res://Projectile/Blue/fire-03_orig84.png" type="Texture" id=86]
[ext_resource path="res://Projectile/Blue/fire-03_orig85.png" type="Texture" id=87]
[ext_resource path="res://Projectile/Blue/fire-03_orig86.png" type="Texture" id=88]
[ext_resource path="res://Projectile/Blue/fire-03_orig87.png" type="Texture" id=89]
[ext_resource path="res://Projectile/Blue/fire-03_orig88.png" type="Texture" id=90]
[ext_resource path="res://Projectile/Blue/fire-03_orig89.png" type="Texture" id=91]
[ext_resource path="res://Projectile/Blue/fire-03_orig90.png" type="Texture" id=92]
[ext_resource path="res://Projectile/Yellow/fire-03_orig00.png" type="Texture" id=93]
[ext_resource path="res://Projectile/Yellow/fire-03_orig01.png" type="Texture" id=94]
[ext_resource path="res://Projectile/Yellow/fire-03_orig02.png" type="Texture" id=95]
[ext_resource path="res://Projectile/Yellow/fire-03_orig03.png" type="Texture" id=96]
[ext_resource path="res://Projectile/Yellow/fire-03_orig04.png" type="Texture" id=97]
[ext_resource path="res://Projectile/Yellow/fire-03_orig05.png" type="Texture" id=98]
[ext_resource path="res://Projectile/Yellow/fire-03_orig06.png" type="Texture" id=99]
[ext_resource path="res://Projectile/Yellow/fire-03_orig07.png" type="Texture" id=100]
[ext_resource path="res://Projectile/Yellow/fire-03_orig08.png" type="Texture" id=101]
[ext_resource path="res://Projectile/Yellow/fire-03_orig09.png" type="Texture" id=102]
[ext_resource path="res://Projectile/Yellow/fire-03_orig10.png" type="Texture" id=103]
[ext_resource path="res://Projectile/Yellow/fire-03_orig11.png" type="Texture" id=104]
[ext_resource path="res://Projectile/Yellow/fire-03_orig12.png" type="Texture" id=105]
[ext_resource path="res://Projectile/Yellow/fire-03_orig13.png" type="Texture" id=106]
[ext_resource path="res://Projectile/Yellow/fire-03_orig14.png" type="Texture" id=107]
[ext_resource path="res://Projectile/Yellow/fire-03_orig15.png" type="Texture" id=108]
[ext_resource path="res://Projectile/Yellow/fire-03_orig16.png" type="Texture" id=109]
[ext_resource path="res://Projectile/Yellow/fire-03_orig17.png" type="Texture" id=110]
[ext_resource path="res://Projectile/Yellow/fire-03_orig18.png" type="Texture" id=111]
[ext_resource path="res://Projectile/Yellow/fire-03_orig19.png" type="Texture" id=112]
[ext_resource path="res://Projectile/Yellow/fire-03_orig20.png" type="Texture" id=113]
[ext_resource path="res://Projectile/Yellow/fire-03_orig21.png" type="Texture" id=114]
[ext_resource path="res://Projectile/Yellow/fire-03_orig22.png" type="Texture" id=115]
[ext_resource path="res://Projectile/Yellow/fire-03_orig23.png" type="Texture" id=116]
[ext_resource path="res://Projectile/Yellow/fire-03_orig24.png" type="Texture" id=117]
[ext_resource path="res://Projectile/Yellow/fire-03_orig25.png" type="Texture" id=118]
[ext_resource path="res://Projectile/Yellow/fire-03_orig26.png" type="Texture" id=119]
[ext_resource path="res://Projectile/Yellow/fire-03_orig27.png" type="Texture" id=120]
[ext_resource path="res://Projectile/Yellow/fire-03_orig28.png" type="Texture" id=121]
[ext_resource path="res://Projectile/Yellow/fire-03_orig29.png" type="Texture" id=122]
[ext_resource path="res://Projectile/Yellow/fire-03_orig30.png" type="Texture" id=123]
[ext_resource path="res://Projectile/Yellow/fire-03_orig31.png" type="Texture" id=124]
[ext_resource path="res://Projectile/Yellow/fire-03_orig32.png" type="Texture" id=125]
[ext_resource path="res://Projectile/Yellow/fire-03_orig33.png" type="Texture" id=126]
[ext_resource path="res://Projectile/Yellow/fire-03_orig34.png" type="Texture" id=127]
[ext_resource path="res://Projectile/Yellow/fire-03_orig35.png" type="Texture" id=128]
[ext_resource path="res://Projectile/Yellow/fire-03_orig36.png" type="Texture" id=129]
[ext_resource path="res://Projectile/Yellow/fire-03_orig37.png" type="Texture" id=130]
[ext_resource path="res://Projectile/Yellow/fire-03_orig38.png" type="Texture" id=131]
[ext_resource path="res://Projectile/Yellow/fire-03_orig39.png" type="Texture" id=132]
[ext_resource path="res://Projectile/Yellow/fire-03_orig40.png" type="Texture" id=133]
[ext_resource path="res://Projectile/Yellow/fire-03_orig41.png" type="Texture" id=134]
[ext_resource path="res://Projectile/Yellow/fire-03_orig42.png" type="Texture" id=135]
[ext_resource path="res://Projectile/Yellow/fire-03_orig43.png" type="Texture" id=136]
[ext_resource path="res://Projectile/Yellow/fire-03_orig44.png" type="Texture" id=137]
[ext_resource path="res://Projectile/Yellow/fire-03_orig45.png" type="Texture" id=138]
[ext_resource path="res://Projectile/Yellow/fire-03_orig46.png" type="Texture" id=139]
[ext_resource path="res://Projectile/Yellow/fire-03_orig47.png" type="Texture" id=140]
[ext_resource path="res://Projectile/Yellow/fire-03_orig48.png" type="Texture" id=141]
[ext_resource path="res://Projectile/Yellow/fire-03_orig49.png" type="Texture" id=142]
[ext_resource path="res://Projectile/Yellow/fire-03_orig50.png" type="Texture" id=143]
[ext_resource path="res://Projectile/Yellow/fire-03_orig51.png" type="Texture" id=144]
[ext_resource path="res://Projectile/Yellow/fire-03_orig52.png" type="Texture" id=145]
[ext_resource path="res://Projectile/Yellow/fire-03_orig53.png" type="Texture" id=146]
[ext_resource path="res://Projectile/Yellow/fire-03_orig54.png" type="Texture" id=147]
[ext_resource path="res://Projectile/Yellow/fire-03_orig55.png" type="Texture" id=148]
[ext_resource path="res://Projectile/Yellow/fire-03_orig56.png" type="Texture" id=149]
[ext_resource path="res://Projectile/Yellow/fire-03_orig57.png" type="Texture" id=150]
[ext_resource path="res://Projectile/Yellow/fire-03_orig58.png" type="Texture" id=151]
[ext_resource path="res://Projectile/Yellow/fire-03_orig59.png" type="Texture" id=152]
[ext_resource path="res://Projectile/Yellow/fire-03_orig60.png" type="Texture" id=153]
[ext_resource path="res://Projectile/Yellow/fire-03_orig61.png" type="Texture" id=154]
[ext_resource path="res://Projectile/Yellow/fire-03_orig62.png" type="Texture" id=155]
[ext_resource path="res://Projectile/Yellow/fire-03_orig63.png" type="Texture" id=156]
[ext_resource path="res://Projectile/Yellow/fire-03_orig64.png" type="Texture" id=157]
[ext_resource path="res://Projectile/Yellow/fire-03_orig65.png" type="Texture" id=158]
[ext_resource path="res://Projectile/Yellow/fire-03_orig66.png" type="Texture" id=159]
[ext_resource path="res://Projectile/Yellow/fire-03_orig67.png" type="Texture" id=160]
[ext_resource path="res://Projectile/Yellow/fire-03_orig68.png" type="Texture" id=161]
[ext_resource path="res://Projectile/Yellow/fire-03_orig69.png" type="Texture" id=162]
[ext_resource path="res://Projectile/Yellow/fire-03_orig70.png" type="Texture" id=163]
[ext_resource path="res://Projectile/Yellow/fire-03_orig71.png" type="Texture" id=164]
[ext_resource path="res://Projectile/Yellow/fire-03_orig72.png" type="Texture" id=165]
[ext_resource path="res://Projectile/Yellow/fire-03_orig73.png" type="Texture" id=166]
[ext_resource path="res://Projectile/Yellow/fire-03_orig74.png" type="Texture" id=167]
[ext_resource path="res://Projectile/Yellow/fire-03_orig75.png" type="Texture" id=168]
[ext_resource path="res://Projectile/Yellow/fire-03_orig76.png" type="Texture" id=169]
[ext_resource path="res://Projectile/Yellow/fire-03_orig77.png" type="Texture" id=170]
[ext_resource path="res://Projectile/Yellow/fire-03_orig78.png" type="Texture" id=171]
[ext_resource path="res://Projectile/Yellow/fire-03_orig79.png" type="Texture" id=172]
[ext_resource path="res://Projectile/Yellow/fire-03_orig80.png" type="Texture" id=173]
[ext_resource path="res://Projectile/Yellow/fire-03_orig81.png" type="Texture" id=174]
[ext_resource path="res://Projectile/Yellow/fire-03_orig82.png" type="Texture" id=175]
[ext_resource path="res://Projectile/Yellow/fire-03_orig83.png" type="Texture" id=176]
[ext_resource path="res://Projectile/Yellow/fire-03_orig84.png" type="Texture" id=177]
[ext_resource path="res://Projectile/Yellow/fire-03_orig85.png" type="Texture" id=178]
[ext_resource path="res://Projectile/Yellow/fire-03_orig86.png" type="Texture" id=179]
[ext_resource path="res://Projectile/Yellow/fire-03_orig87.png" type="Texture" id=180]
[ext_resource path="res://Projectile/Yellow/fire-03_orig88.png" type="Texture" id=181]
[ext_resource path="res://Projectile/Yellow/fire-03_orig89.png" type="Texture" id=182]
[ext_resource path="res://Projectile/Yellow/fire-03_orig90.png" type="Texture" id=183]
[ext_resource path="res://Projectile/Green/fire-03_orig00.png" type="Texture" id=184]
[ext_resource path="res://Projectile/Green/fire-03_orig01.png" type="Texture" id=185]
[ext_resource path="res://Projectile/Green/fire-03_orig02.png" type="Texture" id=186]
[ext_resource path="res://Projectile/Green/fire-03_orig03.png" type="Texture" id=187]
[ext_resource path="res://Projectile/Green/fire-03_orig04.png" type="Texture" id=188]
[ext_resource path="res://Projectile/Green/fire-03_orig05.png" type="Texture" id=189]
[ext_resource path="res://Projectile/Green/fire-03_orig06.png" type="Texture" id=190]
[ext_resource path="res://Projectile/Green/fire-03_orig07.png" type="Texture" id=191]
[ext_resource path="res://Projectile/Green/fire-03_orig08.png" type="Texture" id=192]
[ext_resource path="res://Projectile/Green/fire-03_orig09.png" type="Texture" id=193]
[ext_resource path="res://Projectile/Green/fire-03_orig10.png" type="Texture" id=194]
[ext_resource path="res://Projectile/Green/fire-03_orig11.png" type="Texture" id=195]
[ext_resource path="res://Projectile/Green/fire-03_orig12.png" type="Texture" id=196]
[ext_resource path="res://Projectile/Green/fire-03_orig13.png" type="Texture" id=197]
[ext_resource path="res://Projectile/Green/fire-03_orig14.png" type="Texture" id=198]
[ext_resource path="res://Projectile/Green/fire-03_orig15.png" type="Texture" id=199]
[ext_resource path="res://Projectile/Green/fire-03_orig16.png" type="Texture" id=200]
[ext_resource path="res://Projectile/Green/fire-03_orig17.png" type="Texture" id=201]
[ext_resource path="res://Projectile/Green/fire-03_orig18.png" type="Texture" id=202]
[ext_resource path="res://Projectile/Green/fire-03_orig19.png" type="Texture" id=203]
[ext_resource path="res://Projectile/Green/fire-03_orig20.png" type="Texture" id=204]
[ext_resource path="res://Projectile/Green/fire-03_orig21.png" type="Texture" id=205]
[ext_resource path="res://Projectile/Green/fire-03_orig22.png" type="Texture" id=206]
[ext_resource path="res://Projectile/Green/fire-03_orig23.png" type="Texture" id=207]
[ext_resource path="res://Projectile/Green/fire-03_orig24.png" type="Texture" id=208]
[ext_resource path="res://Projectile/Green/fire-03_orig25.png" type="Texture" id=209]
[ext_resource path="res://Projectile/Green/fire-03_orig26.png" type="Texture" id=210]
[ext_resource path="res://Projectile/Green/fire-03_orig27.png" type="Texture" id=211]
[ext_resource path="res://Projectile/Green/fire-03_orig28.png" type="Texture" id=212]
[ext_resource path="res://Projectile/Green/fire-03_orig29.png" type="Texture" id=213]
[ext_resource path="res://Projectile/Green/fire-03_orig30.png" type="Texture" id=214]
[ext_resource path="res://Projectile/Green/fire-03_orig31.png" type="Texture" id=215]
[ext_resource path="res://Projectile/Green/fire-03_orig32.png" type="Texture" id=216]
[ext_resource path="res://Projectile/Green/fire-03_orig33.png" type="Texture" id=217]
[ext_resource path="res://Projectile/Green/fire-03_orig34.png" type="Texture" id=218]
[ext_resource path="res://Projectile/Green/fire-03_orig35.png" type="Texture" id=219]
[ext_resource path="res://Projectile/Green/fire-03_orig36.png" type="Texture" id=220]
[ext_resource path="res://Projectile/Green/fire-03_orig37.png" type="Texture" id=221]
[ext_resource path="res://Projectile/Green/fire-03_orig38.png" type="Texture" id=222]
[ext_resource path="res://Projectile/Green/fire-03_orig39.png" type="Texture" id=223]
[ext_resource path="res://Projectile/Green/fire-03_orig40.png" type="Texture" id=224]
[ext_resource path="res://Projectile/Green/fire-03_orig41.png" type="Texture" id=225]
[ext_resource path="res://Projectile/Green/fire-03_orig42.png" type="Texture" id=226]
[ext_resource path="res://Projectile/Green/fire-03_orig43.png" type="Texture" id=227]
[ext_resource path="res://Projectile/Green/fire-03_orig44.png" type="Texture" id=228]
[ext_resource path="res://Projectile/Green/fire-03_orig45.png" type="Texture" id=229]
[ext_resource path="res://Projectile/Green/fire-03_orig46.png" type="Texture" id=230]
[ext_resource path="res://Projectile/Green/fire-03_orig47.png" type="Texture" id=231]
[ext_resource path="res://Projectile/Green/fire-03_orig48.png" type="Texture" id=232]
[ext_resource path="res://Projectile/Green/fire-03_orig49.png" type="Texture" id=233]
[ext_resource path="res://Projectile/Green/fire-03_orig50.png" type="Texture" id=234]
[ext_resource path="res://Projectile/Green/fire-03_orig51.png" type="Texture" id=235]
[ext_resource path="res://Projectile/Green/fire-03_orig52.png" type="Texture" id=236]
[ext_resource path="res://Projectile/Green/fire-03_orig53.png" type="Texture" id=237]
[ext_resource path="res://Projectile/Green/fire-03_orig54.png" type="Texture" id=238]
[ext_resource path="res://Projectile/Green/fire-03_orig55.png" type="Texture" id=239]
[ext_resource path="res://Projectile/Green/fire-03_orig56.png" type="Texture" id=240]
[ext_resource path="res://Projectile/Green/fire-03_orig57.png" type="Texture" id=241]
[ext_resource path="res://Projectile/Green/fire-03_orig58.png" type="Texture" id=242]
[ext_resource path="res://Projectile/Green/fire-03_orig59.png" type="Texture" id=243]
[ext_resource path="res://Projectile/Green/fire-03_orig60.png" type="Texture" id=244]
[ext_resource path="res://Projectile/Green/fire-03_orig61.png" type="Texture" id=245]
[ext_resource path="res://Projectile/Green/fire-03_orig62.png" type="Texture" id=246]
[ext_resource path="res://Projectile/Green/fire-03_orig63.png" type="Texture" id=247]
[ext_resource path="res://Projectile/Green/fire-03_orig64.png" type="Texture" id=248]
[ext_resource path="res://Projectile/Green/fire-03_orig65.png" type="Texture" id=249]
[ext_resource path="res://Projectile/Green/fire-03_orig66.png" type="Texture" id=250]
[ext_resource path="res://Projectile/Green/fire-03_orig67.png" type="Texture" id=251]
[ext_resource path="res://Projectile/Green/fire-03_orig68.png" type="Texture" id=252]
[ext_resource path="res://Projectile/Green/fire-03_orig69.png" type="Texture" id=253]
[ext_resource path="res://Projectile/Green/fire-03_orig70.png" type="Texture" id=254]
[ext_resource path="res://Projectile/Green/fire-03_orig71.png" type="Texture" id=255]
[ext_resource path="res://Projectile/Green/fire-03_orig72.png" type="Texture" id=256]
[ext_resource path="res://Projectile/Green/fire-03_orig73.png" type="Texture" id=257]
[ext_resource path="res://Projectile/Green/fire-03_orig74.png" type="Texture" id=258]
[ext_resource path="res://Projectile/Green/fire-03_orig75.png" type="Texture" id=259]
[ext_resource path="res://Projectile/Green/fire-03_orig76.png" type="Texture" id=260]
[ext_resource path="res://Projectile/Green/fire-03_orig77.png" type="Texture" id=261]
[ext_resource path="res://Projectile/Green/fire-03_orig78.png" type="Texture" id=262]
[ext_resource path="res://Projectile/Green/fire-03_orig79.png" type="Texture" id=263]
[ext_resource path="res://Projectile/Green/fire-03_orig80.png" type="Texture" id=264]
[ext_resource path="res://Projectile/Green/fire-03_orig81.png" type="Texture" id=265]
[ext_resource path="res://Projectile/Green/fire-03_orig82.png" type="Texture" id=266]
[ext_resource path="res://Projectile/Green/fire-03_orig83.png" type="Texture" id=267]
[ext_resource path="res://Projectile/Green/fire-03_orig84.png" type="Texture" id=268]
[ext_resource path="res://Projectile/Green/fire-03_orig85.png" type="Texture" id=269]
[ext_resource path="res://Projectile/Green/fire-03_orig86.png" type="Texture" id=270]
[ext_resource path="res://Projectile/Green/fire-03_orig87.png" type="Texture" id=271]
[ext_resource path="res://Projectile/Green/fire-03_orig88.png" type="Texture" id=272]
[ext_resource path="res://Projectile/Green/fire-03_orig89.png" type="Texture" id=273]
[ext_resource path="res://Projectile/Green/fire-03_orig90.png" type="Texture" id=274]

[sub_resource type="SpriteFrames" id=1]
animations = [ {
"frames": [ ExtResource( 2 ), ExtResource( 3 ), ExtResource( 4 ), ExtResource( 5 ), ExtResource( 6 ), ExtResource( 7 ), ExtResource( 8 ), ExtResource( 9 ), ExtResource( 10 ), ExtResource( 11 ), ExtResource( 12 ), ExtResource( 13 ), ExtResource( 14 ), ExtResource( 15 ), ExtResource( 16 ), ExtResource( 17 ), ExtResource( 18 ), ExtResource( 19 ), ExtResource( 20 ), ExtResource( 21 ), ExtResource( 22 ), ExtResource( 23 ), ExtResource( 24 ), ExtResource( 25 ), ExtResource( 26 ), ExtResource( 27 ), ExtResource( 28 ), ExtResource( 29 ), ExtResource( 30 ), ExtResource( 31 ), ExtResource( 32 ), ExtResource( 33 ), ExtResource( 34 ), ExtResource( 35 ), ExtResource( 36 ), ExtResource( 37 ), ExtResource( 38 ), ExtResource( 39 ), ExtResource( 40 ), ExtResource( 41 ), ExtResource( 42 ), ExtResource( 43 ), ExtResource( 44 ), ExtResource( 45 ), ExtResource( 46 ), ExtResource( 47 ), ExtResource( 48 ), ExtResource( 49 ), ExtResource( 50 ), ExtResource( 51 ), ExtResource( 52 ), ExtResource( 53 ), ExtResource( 54 ), ExtResource( 55 ), ExtResource( 56 ), ExtResource( 57 ), ExtResource( 58 ), ExtResource( 59 ), ExtResource( 60 ), ExtResource( 61 ), ExtResource( 62 ), ExtResource( 63 ), ExtResource( 64 ), ExtResource( 65 ), ExtResource( 66 ), ExtResource( 67 ), ExtResource( 68 ), ExtResource( 69 ), ExtResource( 70 ), ExtResource( 71 ), ExtResource( 72 ), ExtResource( 73 ), ExtResource( 74 ), ExtResource( 75 ), ExtResource( 76 ), ExtResource( 77 ), ExtResource( 78 ), ExtResource( 79 ), ExtResource( 80 ), ExtResource( 81 ), ExtResource( 82 ), ExtResource( 83 ), ExtResource( 84 ), ExtResource( 85 ), ExtResource( 86 ), ExtResource( 87 ), ExtResource( 88 ), ExtResource( 89 ), ExtResource( 90 ), ExtResource( 91 ), ExtResource( 92 ) ],
"loop": true,
"name": "Non-biodegradable",
"speed": 5.0
}, {
"frames": [ ExtResource( 93 ), ExtResource( 94 ), ExtResource( 95 ), ExtResource( 96 ), ExtResource( 97 ), ExtResource( 98 ), ExtResource( 99 ), ExtResource( 100 ), ExtResource( 101 ), ExtResource( 102 ), ExtResource( 103 ), ExtResource( 104 ), ExtResource( 105 ), ExtResource( 106 ), ExtResource( 107 ), ExtResource( 108 ), ExtResource( 109 ), ExtResource( 110 ), ExtResource( 111 ), ExtResource( 112 ), ExtResource( 113 ), ExtResource( 114 ), ExtResource( 115 ), ExtResource( 116 ), ExtResource( 117 ), ExtResource( 118 ), ExtResource( 119 ), ExtResource( 120 ), ExtResource( 121 ), ExtResource( 122 ), ExtResource( 123 ), ExtResource( 124 ), ExtResource( 125 ), ExtResource( 126 ), ExtResource( 127 ), ExtResource( 128 ), ExtResource( 129 ), ExtResource( 130 ), ExtResource( 131 ), ExtResource( 132 ), ExtResource( 133 ), ExtResource( 134 ), ExtResource( 135 ), ExtResource( 136 ), ExtResource( 137 ), ExtResource( 138 ), ExtResource( 139 ), ExtResource( 140 ), ExtResource( 141 ), ExtResource( 142 ), ExtResource( 143 ), ExtResource( 144 ), ExtResource( 145 ), ExtResource( 146 ), ExtResource( 147 ), ExtResource( 148 ), ExtResource( 149 ), ExtResource( 150 ), ExtResource( 151 ), ExtResource( 152 ), ExtResource( 153 ), ExtResource( 154 ), ExtResource( 155 ), ExtResource( 156 ), ExtResource( 157 ), ExtResource( 158 ), ExtResource( 159 ), ExtResource( 160 ), ExtResource( 161 ), ExtResource( 162 ), ExtResource( 163 ), ExtResource( 164 ), ExtResource( 165 ), ExtResource( 166 ), ExtResource( 167 ), ExtResource( 168 ), ExtResource( 169 ), ExtResource( 170 ), ExtResource( 171 ), ExtResource( 172 ), ExtResource( 173 ), ExtResource( 174 ), ExtResource( 175 ), ExtResource( 176 ), ExtResource( 177 ), ExtResource( 178 ), ExtResource( 179 ), ExtResource( 180 ), ExtResource( 181 ), ExtResource( 182 ), ExtResource( 183 ) ],
"loop": true,
"name": "Hazardous",
"speed": 5.0
}, {
"frames": [ ExtResource( 184 ), ExtResource( 185 ), ExtResource( 186 ), ExtResource( 187 ), ExtResource( 188 ), ExtResource( 189 ), ExtResource( 190 ), ExtResource( 191 ), ExtResource( 192 ), ExtResource( 193 ), ExtResource( 194 ), ExtResource( 195 ), ExtResource( 196 ), ExtResource( 197 ), ExtResource( 198 ), ExtResource( 199 ), ExtResource( 200 ), ExtResource( 201 ), ExtResource( 202 ), ExtResource( 203 ), ExtResource( 204 ), ExtResource( 205 ), ExtResource( 206 ), ExtResource( 207 ), ExtResource( 208 ), ExtResource( 209 ), ExtResource( 210 ), ExtResource( 211 ), ExtResource( 212 ), ExtResource( 213 ), ExtResource( 214 ), ExtResource( 215 ), ExtResource( 216 ), ExtResource( 217 ), ExtResource( 218 ), ExtResource( 219 ), ExtResource( 220 ), ExtResource( 221 ), ExtResource( 222 ), ExtResource( 223 ), ExtResource( 224 ), ExtResource( 225 ), ExtResource( 226 ), ExtResource( 227 ), ExtResource( 228 ), ExtResource( 229 ), ExtResource( 230 ), ExtResource( 231 ), ExtResource( 232 ), ExtResource( 233 ), ExtResource( 234 ), ExtResource( 235 ), ExtResource( 236 ), ExtResource( 237 ), ExtResource( 238 ), ExtResource( 239 ), ExtResource( 240 ), ExtResource( 241 ), ExtResource( 242 ), ExtResource( 243 ), ExtResource( 244 ), ExtResource( 245 ), ExtResource( 246 ), ExtResource( 247 ), ExtResource( 248 ), ExtResource( 249 ), ExtResource( 250 ), ExtResource( 251 ), ExtResource( 252 ), ExtResource( 253 ), ExtResource( 254 ), ExtResource( 255 ), ExtResource( 256 ), ExtResource( 257 ), ExtResource( 258 ), ExtResource( 259 ), ExtResource( 260 ), ExtResource( 261 ), ExtResource( 262 ), ExtResource( 263 ), ExtResource( 264 ), ExtResource( 265 ), ExtResource( 266 ), ExtResource( 267 ), ExtResource( 268 ), ExtResource( 269 ), ExtResource( 270 ), ExtResource( 271 ), ExtResource( 272 ), ExtResource( 273 ), ExtResource( 274 ) ],
"loop": true,
"name": "Biodegradable",
"speed": 5.0
} ]

[sub_resource type="RectangleShape2D" id=2]
extents = Vector2( 14.0754, 13.4755 )

[node name="Projectile" type="Area2D"]
position = Vector2( 3.06673, -12.9324 )
collision_layer = 4
collision_mask = 14
script = ExtResource( 1 )
__meta__ = {
"_edit_lock_": true
}

[node name="Type" type="AnimatedSprite" parent="."]
position = Vector2( 0.757704, 8.73695 )
rotation = -1.5708
scale = Vector2( 0.651255, 0.588058 )
frames = SubResource( 1 )
animation = "Hazardous"
frame = 69
speed_scale = 10.0
playing = true

[node name="CollisionShape2D" type="CollisionShape2D" parent="."]
position = Vector2( 56.2157, 12.5018 )
shape = SubResource( 2 )

[node name="VisibilityNotifier2D" type="VisibilityNotifier2D" parent="."]
position = Vector2( 2.53188, 15.5731 )
[connection signal="body_entered" from="." to="." method="_on_Projectile_body_entered"]
[connection signal="screen_exited" from="VisibilityNotifier2D" to="." method="_on_VisibilityNotifier2D_screen_exited"]
